
@article{24vipparthi2015local,
	title={Local Gabor maximum edge position octal patterns for image retrieval},
	author={Vipparthi, Santosh Kumar and Murala, Subrahmanyam and Nagar, Shyam Krishna and Gonde, Anil Balaji},
	journal={Neurocomputing},
	volume={167},
	pages={336--345},
	year={2015},
	publisher={Elsevier}
}
@article{23hayat2014automatic,
	title={An automatic framework for textured 3d video-based facial expression recognition},
	author={Hayat, Munawar and Bennamoun, Mohammed},
	journal={IEEE Transactions on Affective Computing},
	volume={5},
	number={3},
	pages={301--313},
	year={2014},
	publisher={IEEE}
}
@article{22vipparthi2016local,
	title={Local directional mask maximum edge patterns for image retrieval and face recognition},
	author={Vipparthi, Santosh Kumar and Murala, Subrahmanyam and Gonde, Anil Balaji and Wu, QM Jonathan},
	journal={IET Computer Vision},
	volume={10},
	number={3},
	pages={182--192},
	year={2016},
	publisher={IET}
}
@article{21yang2002detecting,
	title={Detecting faces in images: A survey},
	author={Yang, Ming-Hsuan and Kriegman, David J and Ahuja, Narendra},
	journal={IEEE Transactions on pattern analysis and machine intelligence},
	volume={24},
	number={1},
	pages={34--58},
	year={2002},
	publisher={IEEE Computer Society}
}
@article{19whitehill2014faces,
	title={The faces of engagement: Automatic recognition of student engagementfrom facial expressions},
	author={Whitehill, Jacob and Serpell, Zewelanji and Lin, Yi-Ching and Foster, Aysha and Movellan, Javier R},
	journal={IEEE Transactions on Affective Computing},
	volume={5},
	number={1},
	pages={86--98},
	year={2014},
	publisher={IEEE}
}
@article{18zen2016learning,
	title={Learning personalized models for facial expression analysis and gesture recognition},
	author={Zen, Gloria and Porzi, Lorenzo and Sangineto, Enver and Ricci, Elisa and Sebe, Nicu},
	journal={IEEE Transactions on Multimedia},
	volume={18},
	number={4},
	pages={775--788},
	year={2016},
	publisher={IEEE}
}
@article{20tariq2012recognizing,
	title={Recognizing emotions from an ensemble of features},
	author={Tariq, Usman and Lin, Kai-Hsiang and Li, Zhen and Zhou, Xi and Wang, Zhaowen and Le, Vuong and Huang, Thomas S and Lv, Xutao and Han, Tony X},
	journal={IEEE Transactions on Systems, Man, and Cybernetics, Part B (Cybernetics)},
	volume={42},
	number={4},
	pages={1017--1026},
	year={2012},
	publisher={IEEE}
}

@article{ahonen2006face,
	title={Face description with local binary patterns: Application to face recognition},
	author={Ahonen, Timo and Hadid, Abdenour and Pietikainen, Matti},
	journal={IEEE Transactions on Pattern Analysis \& Machine Intelligence},
	number={12},
	pages={2037--2041},
	year={2006},
	publisher={IEEE}
}
@article{majumder2016automatic,
	title={Automatic facial expression recognition system using deep network-based data fusion},
	author={Majumder, Anima and Behera, Laxmidhar and Subramanian, Venkatesh K},
	journal={IEEE transactions on cybernetics},
	volume={48},
	number={1},
	pages={103--114},
	year={2016},
	publisher={IEEE}
}

@article{murthy2014detection,
	title={Detection of potholes in autonomous vehicle},
	author={Murthy, Sachin Bharadwaj Sundra and Varaprasad, Golla},
	journal={IET Intelligent Transport Systems},
	volume={8},
	number={6},
	pages={543--549},
	year={2014},
	publisher={IET}
}

@article{subrahmanyam2012local,
	title={Local maximum edge binary patterns: a new descriptor for image retrieval and object tracking},
	author={Subrahmanyam, Murala and Maheshwari, RP and Balasubramanian, R},
	journal={Signal Processing},
	volume={92},
	number={6},
	pages={1467--1479},
	year={2012},
	publisher={Elsevier}
}
@article{zhang2009local,
	title={Local derivative pattern versus local binary pattern: face recognition with high-order local pattern descriptor},
	author={Zhang, Baochang and Gao, Yongsheng and Zhao, Sanqiang and Liu, Jianzhuang},
	journal={IEEE transactions on image processing},
	volume={19},
	number={2},
	pages={533--544},
	year={2009},
	publisher={IEEE}
}

@article{ojala1996comparative,
	title={A comparative study of texture measures with classification based on featured distributions},
	author={Ojala, Timo and Pietik{\"a}inen, Matti and Harwood, David},
	journal={Pattern recognition},
	volume={29},
	number={1},
	pages={51--59},
	year={1996},
	publisher={Elsevier}
}
@article{chen2005clue,
	title={CLUE: cluster-based retrieval of images by unsupervised learning},
	author={Chen, Yixin and Wang, James Ze and Krovetz, Robert},
	journal={IEEE transactions on Image Processing},
	volume={14},
	number={8},
	pages={1187--1201},
	year={2005},
	publisher={IEEE}
}
@article{chen2002region,
	title={A region-based fuzzy feature matching approach to content-based image retrieval},
	author={Chen, Yixin and Wang, James Ze},
	journal={IEEE transactions on pattern analysis and machine intelligence},
	volume={24},
	number={9},
	pages={1252--1267},
	year={2002},
	publisher={IEEE}
}
@article{lei2010face,
	title={Face recognition by exploring information jointly in space, scale and orientation},
	author={Lei, Zhen and Liao, Shengcai and Pietikainen, Matti and Li, Stan Z},
	journal={IEEE transactions on image processing},
	volume={20},
	number={1},
	pages={247--256},
	year={2010},
	publisher={IEEE}
}
@article{pietikainen2000rotation,
	title={Rotation-invariant texture classification using feature distributions},
	author={Pietik{\"a}inen, Matti and Ojala, Timo and Xu, Zelin},
	journal={Pattern Recognition},
	volume={33},
	number={1},
	pages={43--52},
	year={2000},
	publisher={Elsevier}
}
@article{zhao2007dynamic,
	title={Dynamic texture recognition using local binary patterns with an application to facial expressions},
	author={Zhao, Guoying and Pietikainen, Matti},
	journal={IEEE Transactions on Pattern Analysis \& Machine Intelligence},
	number={6},
	pages={915--928},
	year={2007},
	publisher={IEEE}
}
@inproceedings{moghaddam2006gabor,
	title={Gabor wavelet correlogram algorithm for image indexing and retrieval},
	author={Moghaddam, Hamid Abrishami and Saadatmand-Tarzjan, M},
	booktitle={18th International Conference on Pattern Recognition (ICPR'06)},
	volume={2},
	pages={925--928},
	year={2006},
	organization={IEEE}
}
@article{Moghaddam2007novel,
	title={A novel evolutionary approach for optimizing content-based image indexing algorithms},
	author={Saadatmand-Tarzjan, Mahdi and Moghaddam, Hamid Abrishami},
	journal={IEEE Transactions on Systems, Man, and Cybernetics, Part B (Cybernetics)},
	volume={37},
	number={1},
	pages={139--153},
	year={2007},
	publisher={IEEE}
}
@article{kokare2007texture,
	title={Texture image retrieval using rotated wavelet filters},
	author={Kokare, Manesh and Biswas, Prabir K and Chatterji, Biswanath N},
	journal={Pattern recognition letters},
	volume={28},
	number={10},
	pages={1240--1249},
	year={2007},
	publisher={Elsevier}
}
@article{rui1999image,
	title={Image retrieval: Current techniques, promising directions, and open issues},
	author={Rui, Yong and Huang, Thomas S and Chang, Shih-Fu},
	journal={Journal of visual communication and image representation},
	volume={10},
	number={1},
	pages={39--62},
	year={1999},
	publisher={Elsevier}
}
@article{mitra2002unsupervised,
  title={Unsupervised feature selection using feature similarity},
  author={Mitra, Pabitra and Murthy, CA and Pal, Sankar K.},
  journal={IEEE transactions on pattern analysis and machine intelligence},
  volume={24},
  number={3},
  pages={301--312},
  year={2002},
  publisher={IEEE}
}

@article{zhang2001segmentation,
	title={Segmentation of brain MR images through a hidden Markov random field model and the expectation-maximization algorithm},
	author={Zhang, Yongyue and Brady, Michael and Smith, Stephen},
	journal={IEEE transactions on medical imaging},
	volume={20},
	number={1},
	pages={45--57},
	year={2001},
	publisher={Ieee}
}

@article{deng2001efficient,
	title={An efficient color representation for image retrieval},
	author={Deng, Yining and Manjunath, BS and Kenney, Charles and Moore, Michael S and Shin, Hyundoo},
	journal={IEEE Transactions on image processing},
	volume={10},
	number={1},
	pages={140--147},
	year={2001},
	publisher={IEEE}
}
@article{manjunath2001color,
	title={Color and texture descriptors},
	author={Manjunath, Bangalore S and Ohm, J-R and Vasudevan, Vinod V and Yamada, Akio},
	journal={IEEE Transactions on circuits and systems for video technology},
	volume={11},
	number={6},
	pages={703--715},
	year={2001},
	publisher={IEEE}
}

@article{jing2004relevance,
	title={Relevance feedback in region-based image retrieval},
	author={Jing, Feng and Li, Mingjing and Zhang, Hong-Jiang and Zhang, Bo},
	journal={IEEE Transactions on Circuits and Systems for Video Technology},
	volume={14},
	number={5},
	pages={672--681},
	year={2004},
	publisher={IEEE}
}

@article{su2003relevance,
	title={Relevance feedback in content-based image retrieval: Bayesian framework, feature subspaces, and progressive learning},
	author={Su, Zhong and Zhang, Hongjiang and Li, Stan and Ma, Shaoping},
	journal={IEEE Transactions on Image Processing},
	volume={12},
	number={8},
	pages={924--937},
	year={2003},
	publisher={IEEE}
}
